@misc{metcoop_wiki_description_2017,
	title = {Description of {MEPS}},
	url = {https://metcoop.smhi.se/dokuwiki/nwp/metcoop/},
	urldate = {2017-10-26},
	author = {{MetCoOp Wiki}},
	month = dec,
	year = {2017},
	file = {Meps_description_main.pdf:/Users/Zissel/Zotero/storage/MD4LKYHE/Meps_description_main.pdf:application/pdf}
}

@misc{nrk_og_meteorologisk_institutt_weather_2017,
	title = {Weather statistics for {Haukeliseter} testfelt observation site},
	copyright = {Copyright: NRK and Norwegian Meteorological Institute © 2017},
	url = {https://www.yr.no/place/Norway/Telemark/Vinje/Haukeliseter_testfelt_observation_site},
	abstract = {Værvarsel for 9,3 millioner steder i verden!},
	urldate = {2017-11-01},
	journal = {yr.no},
	author = {{NRK og Meteorologisk Institutt}},
	month = jan,
	year = {2017},
	file = {Snapshot:/Users/Zissel/Zotero/storage/L3IAGK62/statistics.html:text/html}
}

@misc{nrk_og_meteorologisk_institutt_yr_2016,
	title = {Yr – {Date} search {Haukeliseter} testfelt observation site, {Vinje} ({Telemark})},
	copyright = {Copyright: NRK and Norwegian Meteorological Institute © 2017},
	url = {https://www.yr.no/place/Norway/Telemark/Vinje/Haukeliseter_testfelt_observation_site/almanakk.html?dato=2016-12-20},
	abstract = {Værvarsel for 9,3 millioner steder i verden!},
	urldate = {2017-11-01},
	journal = {yr.no},
	author = {{NRK og Meteorologisk Institutt}},
	month = dec,
	year = {2016},
	file = {Snapshot:/Users/Zissel/Zotero/storage/S5ZT54CR/almanakk.html:text/html}
}

@misc{nrk_og_meteorologisk_institutt_yr_2017,
	title = {Yr – {Climate} statistics {Haukeliseter} testfelt observation site, {Vinje} ({Telemark})},
	copyright = {Copyright: NRK and Norwegian Meteorological Institute © 2017},
	url = {https://www.yr.no/place/Norway/Telemark/Vinje/Haukeliseter_testfelt_observation_site/climate.html},
	abstract = {Værvarsel for 9,3 millioner steder i verden!},
	urldate = {2017-11-01},
	journal = {yr.no},
	author = {{NRK og Meteorologisk Institutt}},
	month = jan,
	year = {2017},
	file = {Snapshot:/Users/Zissel/Zotero/storage/56V8MBRB/climate.html:text/html}
}

@misc{climate-data.org_climate_2017,
	title = {Climate {Haukeli}: {Temperature}, {Climograph}, {Climate} table for {Haukeli} - {Climate}-{Data}.org},
	url = {https://en.climate-data.org/location/211709/},
	urldate = {2017-11-02},
	author = {{Climate-Data.org}},
	month = feb,
	year = {2017},
	file = {Climate Haukeli\: Temperature, Climograph, Climate table for Haukeli - Climate-Data.org:/Users/Zissel/Zotero/storage/N96NDGC5/211709.html:text/html}
}

@misc{meteoblue_climate_2017,
	title = {Climate {Haukelifjell}},
	url = {https://www.meteoblue.com/en/weather/forecast/modelclimate/haukelifjell_norway_9148310},
	urldate = {2017-11-02},
	author = {{meteoblue}},
	month = feb,
	year = {2017},
	file = {Snapshot:/Users/Zissel/Zotero/storage/TVVZZ7BW/haukelifjell_norway_9148310.html:text/html}
}

@misc{university_wyoming_atmospheric_2018,
	title = {Atmospheric {Soundings}},
	url = {http://weather.uwyo.edu/upperair/sounding.html},
	urldate = {2018-02-03},
	author = {{University Wyoming}},
	month = jan,
	year = {2018},
	file = {Atmospheric Soundings:/Users/Zissel/Zotero/storage/Q8PYM9ZG/sounding.html:text/html}
}

@misc{eklima_norwegian_2016,
	title = {Norwegian {Meteorological} {Institute}},
	url = {http://sharki.oslo.dnmi.no/portal/page?_pageid=73,39035,73_39049&_dad=portal&_schema=PORTAL},
	abstract = {Free access to weather- and climate data from Norwegian Meteorological Institute from historical data to real time observations},
	urldate = {2018-02-12},
	journal = {eKlima},
	author = {{eklima}},
	year = {2016},
	file = {eKlima:/Users/Zissel/Zotero/storage/2EPCS85V/page.html:text/html}
}

@misc{meteorologene_her_2016,
	title = {"{Her} kommer \#{Urd}! {Selve} {Lavtrykksenteret} treffer {Møre} og {Romsdal}, men den sterkeste vinden kommer sør for {Stad}. \#{SørNorge}" 26 {December} 2016, 9:34am},
	url = {https://twitter.com/Meteorologene},
	urldate = {2016-12-26},
	author = {{Meteorologene}},
	year = {2016}
}

@misc{metek_micro_2010,
	title = {Micro {Rain} {Radar} {MRR}-2},
	url = {http://metek.de/wp-content/uploads/2014/05/Metek-Micro-Rain-Radar-MRR-2-Datasheet.pdf},
	urldate = {2018-02-07},
	author = {METEK, Meteorologische Messtechnik GmbH},
	month = oct,
	year = {2010},
	file = {Metek-Micro-Rain-Radar-MRR-2-Datasheet.pdf:/Users/Zissel/Zotero/storage/JBQ393AE/Metek-Micro-Rain-Radar-MRR-2-Datasheet.pdf:application/pdf}
}

@misc{norwegian_meteorological_institute_met_2016,
	title = {{MET} {Norway} {Thredds} {Service}},
	url = {http://thredds.met.no/thredds/catalog/meps25epsarchive/catalog.html},
	urldate = {2018-02-27},
	author = {{Norwegian Meteorological Institute}},
	year = {2016},
	file = {OPeNDAP Dataset Query Form:/Users/Zissel/Zotero/storage/BQ2UIPX7/meps_full_2_5km_20161225T00Z.nc.html:text/html}
}

@misc{meteo_france_meso-nh_2009,
	title = {The {Meso}-{NH} {Atmospheric} {Simulation} {System}: {Scientific} {Documentation}, {Part} {III}: {Physics}},
	publisher = {Centre National De La Recherche Scientifique},
	author = {{Meteo France}},
	month = jan,
	year = {2009},
	file = {France - 2009 - The Meso-NH Atmospheric Simulation System Scienti.pdf:/Users/Zissel/Zotero/storage/RZCE5HHH/France - 2009 - The Meso-NH Atmospheric Simulation System Scienti.pdf:application/pdf}
}

@misc{geonor_inc._t-200b_2015,
	title = {T-200B {All} {Weather} {Precipitation} – {Rain} {Gauge}},
	url = {http://geonor.com/live/products/weather-instruments/t-200b-weather-precipitation-rain-gauge/},
	urldate = {2018-04-20},
	author = {{Geonor Inc.}},
	year = {2015},
	file = {T-200B-US-Manual.-rev-10.10-20150128.pdf:/Users/Zissel/Zotero/storage/28I3PR98/T-200B-US-Manual.-rev-10.10-20150128.pdf:application/pdf}
}


@misc{noaa_etopo1_nodate,
	title = {{ETOPO}1 {Global} {Relief}},
	url = {https://www.ngdc.noaa.gov/mgg/global/global.html},
	abstract = {Bathymetric, Topographic/Elevation, and Global Relief Data available from the NOAA National Centers for Environmental Information (NCEI) and collocated World Data Service for Geophysics, Boulder.},
	language = {EN-US},
	urldate = {2018-06-21},
	author = {NOAA},
	year = {2017},
	file = {Snapshot:/Users/Zissel/Zotero/storage/WJ6BQMFU/global.html:text/html}
}