@unpublished{wolff_wmo_2018,
	type = {unpublished},
	title = {{WMO} {Solid} {Precipitation} {Intercomparison} {Experiment} ({WMO}-{SPICE}), {Ch}. 4.2.4 {Precipitation} measurements in areas with high winds and/or complex terrain},
	copyright = {unpublished},
	author = {Wolff, M. A.},
	note = {unpublished}
}

@unpublished{moore_large_2018,
	type = {unpublished},
	title = {Large-scale dynamics inducing atmospheric rivers and extreme precipitation over Norway},
	copyright = {unpublished},
	author = {Moore, Richard}, 
	note = {unpublished}
}